@ONLINE{gamestarmythos,
author = {Inerle, Florian},
title = {Mythos - EU-Betrieb wird eingestellt},
month = {Oktober},
year = {2011},
url = {erreichbar am 25. Juli 2013 unter http://www.gamestar.de/spiele/mythos-global-/news/mythos,43553,2561477.html}
}

@ONLINE{stigmastatistik,
author = {Verbands für Deutschlands Video- und Computerspieler (VDVC)},
title = {Statistiken},
month = {},
year = {},
url = {erreichbar am 25. Juli 2013 unter http://stigma-videospiele.de/wordpress/rechtslage/statistiken/}
}

@ONLINE{uskalterskennzeichen,
author = {Unterhaltungssoftware Selbstkontrolle (USK)},
title = {Die fünf Kennzeichen und was sie bedeuten},
month = {},
year = {},
url = {erreichbar am 27 Juli 2013 unter http://www.usk.de/pruefverfahren/alterskennzeichen/}
}

@Book{kunczik,
  author = 	 {Kunczik, Michael and Zipfel, Astrid},
  title = 	 {Gewalt und Medien : ein Studienhandbuch},
  publisher = 	 {UTB},
  year = 	 {2006},
}